<?xml version="1.0" encoding="UTF-8"?><collection xmlns="http://www.loc.gov/MARC21/slim"><record><leader>00667nam--2200193-i-4500</leader><controlfield tag="001">000023214</controlfield><controlfield tag="002">20161230</controlfield><controlfield tag="005">20161230201034</controlfield><controlfield tag="008">060222s1000------------r-----000-0-eng-d</controlfield><datafield ind1=" " ind2=" " tag="020"><subfield code="a">78127883</subfield></datafield><datafield ind1=" " ind2=" " tag="040"><subfield code="a">IFIN-HH</subfield></datafield><datafield ind1=" " ind2=" " tag="080"><subfield code="a">061.3:621.039.647:621.318.1:539.2</subfield></datafield><datafield ind1="1" ind2=" " tag="100"><subfield code="a">Goldring, Gvirol</subfield></datafield><datafield ind1="1" ind2="0" tag="245"><subfield code="a">Hyperfine interactions in excited nuclei</subfield><subfield code="b">Volume 1 hyperfine interactions in solids i, ii hyperfine interaction and nuclear orientation i</subfield><subfield code="c">Gvirol goldring, rafael kalish (eds.)</subfield></datafield><datafield ind1=" " ind2=" " tag="260"><subfield code="a">New York</subfield><subfield code="b">Gordon And Breach Science Publishers</subfield><subfield code="c">1971</subfield></datafield><datafield ind1=" " ind2=" " tag="300"><subfield code="a">360P</subfield></datafield><datafield ind1="1" ind2=" " tag="700"><subfield code="a">Kalish, Rafael</subfield><subfield code="e">Ed</subfield></datafield><datafield ind1=" " ind2=" " tag="852"><subfield code="a">36645</subfield><subfield code="c">539.17</subfield></datafield><datafield ind1=" " ind2=" " tag="CAT"><subfield code="a">Sys</subfield><subfield code="c">20120607</subfield><subfield code="h">170412</subfield></datafield></record></collection>